<?xml version="1.0" encoding="UTF-8"?><record xmlns="http://www.loc.gov/MARC21/slim" xmlns:cinclude="http://apache.org/cocoon/include/1.0" xmlns:zs="http://www.loc.gov/zing/srw/">
  <leader>00373nz  a2200133n  4500</leader>
  <controlfield tag="001">n  85389554 </controlfield>
  <controlfield tag="003">DLC</controlfield>
  <controlfield tag="005">19860306143545.7</controlfield>
  <controlfield tag="008">860130n| acannaab|          |a aaa |||  </controlfield>
  <datafield tag="010" ind1=" " ind2=" ">
    <subfield code="a">n  85389554 </subfield>
  </datafield>
  <datafield tag="040" ind1=" " ind2=" ">
    <subfield code="a">DLC</subfield>
    <subfield code="c">DLC</subfield>
  </datafield>
  <datafield tag="100" ind1="1" ind2="0">
    <subfield code="a">Hasbrouck, Muriel Bruce.</subfield>
    <subfield code="t">Pursuit of destiny</subfield>
  </datafield>
  <datafield tag="400" ind1="1" ind2="0">
    <subfield code="a">Hasbrouck, Muriel Bruce.</subfield>
    <subfield code="t">Tarot and astrology</subfield>
  </datafield>
  <datafield tag="670" ind1=" " ind2=" ">
    <subfield code="a">Her Tarot and astrology, 1986.</subfield>
  </datafield>
</record>